% This file was created with JabRef 2.10.
% Encoding: UTF8


@Book{Arrundel2011Puppet,
  Title                    = {{Puppet} 3 Cookbook},
  Author                   = {Arrundel, John},
  ISBN                     = {978-1782169765},
  Publisher                = {Packt Publishing},
  Year                     = {2013},
  Month                    = {August},

  Owner                    = {hisham},
  Timestamp                = {2015-03-12}
}

@Book{Burns2012Deploying,
  Title                    = {Deploying {Rails}},
  Author                   = {Anthony Burns and Tom Copeland},
  ISBN                     = {978-1934356951},
  Publisher                = {Pragmatic Bookshelf},
  Year                     = {2012},
  Month                    = {July},

  Owner                    = {hisham},
  Timestamp                = {2015-03-12}
}

@Book{Hashimoto2013Vagrant,
  Title                    = {{Vagrant}: Up and Running},
  Author                   = {Mitchell Hashimoto},
  ISBN                     = {978-1449335830},
  Publisher                = {O'Reilly Media},
  Year                     = {2013},
  Edition                  = {1},
  Month                    = {June},

  Owner                    = {hisham},
  Timestamp                = {2015-03-12}
}

@InProceedings{Homer2010LCA,
  Title                    = {An Updated Directory Structure For {Unix}},
  Author                   = {Michael Homer and Hisham Muhammad and Jonas Karlsson},
  Booktitle                = {linux.conf.au 2010},
  Year                     = {2010},

  Address                  = {Wellington, New Zealand},

  Owner                    = {hisham},
  Timestamp                = {2015-03-12}
}

@InProceedings{Muhammad2002WSL,
  Title                    = {An alternative for the {Unix} directory structure},
  Author                   = {Hisham Muhammad and André Detsch},
  Booktitle                = {III Workshop Software Livre},
  Year                     = {2002},

  Address                  = {Porto Alegre, Brazil},

  Owner                    = {hisham},
  Timestamp                = {2015-03-12}
}

@Article{Muhammad2013LuaRocks,
  Title                    = {{LuaRocks} - A Declarative and Extensible Package Management System for {Lua}},
  Author                   = {Hisham Muhammad and Fábio Mascarenhas and Roberto Ierusalimschy.},
  Journal                  = {Lecture Notes in Computer Science},
  Year                     = {2013},
  Pages                    = {16--30},
  Volume                   = {8129},

  Booktitle                = {Lecture Notes in Computer Science In:17th Brazililan Symposium on Programming Languages, SBLP 2013. Lecture Notes in Computer Science. 1ed.: Springer Berlin Heidelberg, 2013, v. 8129, p. 16-30},
  Doi                      = {10.1007/978-3-642-40922-6_2},
  Owner                    = {hisham},
  Timestamp                = {2015-03-12}
}

@Misc{bower,
  Title                    = {Bower - A package manager for the web},
  HowPublished             = {\url{http://bower.io}},
  Year                     = {2015},

  Owner                    = {hisham},
  Timestamp                = {2015-03-12},
  Url                      = {http://bower.io}
}

@Electronic{homebrew,
  Title                    = {{Homebrew} - The missing package manager for {OSX}},
  HowPublished             = {\url{http://brew.sh}},
  Year                     = {2015},

  Owner                    = {hisham},
  Timestamp                = {2015-03-12}
}

@Electronic{macports,
  Title                    = {The {MacPorts} Project},
  HowPublished             = {\url{http://www.macports.org}},
  Year                     = {2015},

  Owner                    = {hisham},
  Timestamp                = {2015-03-12}
}

@Electronic{nodejs,
  Title                    = {{node.js}},
  HowPublished             = {\url{https://nodejs.org/}},
  Year                     = {2015},

  Owner                    = {hisham},
  Timestamp                = {2015-03-12}
}

@Misc{npm,
  Title                    = {npm - {Node Package Manager}},
  HowPublished             = {\url{http://npmjs.com}},
  Year                     = {2015},

  Owner                    = {hisham},
  Timestamp                = {2015-03-12},
  Url                      = {http://bower.io}
}

